<?xml version="1.0" encoding="UTF-8"?><collection xmlns="http://www.loc.gov/MARC21/slim"><record><leader>00429nam--2200133-i-4500</leader><controlfield tag="001">000029034</controlfield><controlfield tag="002">20161230</controlfield><controlfield tag="005">20161230201037</controlfield><controlfield tag="008">060222s1000------------r-----000-0-eng-d</controlfield><datafield ind1=" " ind2=" " tag="080"><subfield code="a">577.112:537.361(043)</subfield></datafield><datafield ind1=" " ind2=" " tag="100"><subfield code="a">Leveque, Jean-luc</subfield></datafield><datafield ind1=" " ind2=" " tag="245"><subfield code="a">Influence des etats de liaisons de l`eau sur les proprietes electriques et dielectriques des keratines. these</subfield></datafield><datafield ind1=" " ind2=" " tag="260"><subfield code="a">Grenoble, Univ.Scientifique, 1981, Xi + 128p</subfield></datafield><datafield ind1=" " ind2=" " tag="852"><subfield code="a">71036</subfield></datafield></record></collection>